% This file was created with JabRef 2.10.
% Encoding: UTF8


@Article{aistleitner2012point,
  Title                    = {Point Sets on the Sphere$\backslash$ mathbb $\{$S$\}$\^{}$\{$2$\}$ with Small Spherical Cap Discrepancy},
  Author                   = {Aistleitner, Christoph and Brauchart, JS and Dick, Josef},
  Journal                  = {Discrete \& Computational Geometry},
  Year                     = {2012},
  Number                   = {4},
  Pages                    = {990--1024},
  Volume                   = {48},

  Publisher                = {Springer}
}

@Book{aliprantis1999infinite,
  Title                    = {Infinite Dimensional Analysis},
  Author                   = {Aliprantis, C D and Border, K C},
  Publisher                = {Springer},
  Year                     = {1999},
  Volume                   = {32006}
}

@Article{bezdek1994remark,
  Title                    = {A remark on the packing density in the 3-space},
  Author                   = {Bezdek, A},
  Journal                  = {Intuitive Geometry},
  Year                     = {1994},
  Pages                    = {17},
  Volume                   = {63}
}

@Article{bezdek1991packing,
  Title                    = {Packing {Euclidean} space with congruent cylinders and with congruent ellipsoids},
  Author                   = {Bezdek, A and Kuperberg, W},
  Journal                  = {P. Gritzmann et al., American Mathematical Society},
  Year                     = {1991},
  Pages                    = {71--80}
}

@Article{bezdek1990maximum,
  Title                    = {Maximum density space packing with congruent circular cylinders of infinite length},
  Author                   = {Bezdek, A and Kuperberg, W},
  Journal                  = {Mathematika},
  Year                     = {1990},
  Number                   = {1},
  Pages                    = {74--80},
  Volume                   = {37},

  Publisher                = {Cambridge Univ Press}
}

@Article{blichfeldt1929minimum,
  Title                    = {The minimum value of quadratic forms, and the closest packing of spheres},
  Author                   = {Blichfeldt, H F},
  Journal                  = {Mathematische Annalen},
  Year                     = {1929},
  Number                   = {1},
  Pages                    = {605--608},
  Volume                   = {101},

  Publisher                = {Springer}
}

@Misc{bourbaki1966elements,
  Title                    = {Elements of {M}athematics. {G}eneral Topology. {P}art 1},

  Author                   = {Bourbaki, N},
  Year                     = {1966},

  Publisher                = {Hermann, Paris}
}

@Book{brass2005research,
  Title                    = {Research Problems in Discrete Geometry},
  Author                   = {Brass, P and Moser, W and Pach, J},
  Publisher                = {Springer},
  Year                     = {2005},
  Volume                   = {1}
}

@Article{brauchart2013simple,
  Title                    = {A simple proof of Stolarsky�s invariance principle},
  Author                   = {Brauchart, Johann and Dick, Josef},
  Journal                  = {Proceedings of the American Mathematical Society},
  Year                     = {2013},
  Number                   = {6},
  Pages                    = {2085--2096},
  Volume                   = {141}
}

@Book{chandrasekharan1968introduction,
  Title                    = {Introduction to Analytic Number Theory},
  Author                   = {Chandrasekharan, K},
  Publisher                = {Springer},
  Year                     = {1968},
  Volume                   = {2}
}

@Article{cohn2003new,
  Title                    = {New upper bounds on sphere packings {I}},
  Author                   = {Cohn, H and Elkies, N},
  Journal                  = {Annals of Mathematics},
  Year                     = {2003},
  Number                   = {2},
  Pages                    = {689--714},
  Volume                   = {157},

  Doi                      = {10.4007/annals.2003.157.689},
  Publisher                = {JSTOR}
}

@Article{conway1999recent,
  Title                    = {Recent progress in sphere packing},
  Author                   = {Conway, J H and Goodman-Strauss, C and Sloane, N},
  Journal                  = {Current Developments in Mathematics},
  Year                     = {1999},
  Pages                    = {37--76},
  Volume                   = {1999}
}

@Book{dantzig1965linear,
  Title                    = {Linear programming and extensions},
  Author                   = {Dantzig, G B},
  Publisher                = {Princeton University Press},
  Year                     = {1965}
}

@Article{doerr2005bounds,
  Title                    = {Bounds and constructions for the star-discrepancy via $\delta$-covers},
  Author                   = {Doerr, Benjamin and Gnewuch, Michael and Srivastav, Anand},
  Journal                  = {Journal of Complexity},
  Year                     = {2005},
  Number                   = {5},
  Pages                    = {691--709},
  Volume                   = {21},

  Publisher                = {Elsevier}
}

@Article{dontabhaktuni2014quasicrystalline,
  Title                    = {Quasicrystalline tilings with nematic colloidal platelets},
  Author                   = {Dontabhaktuni, J and Ravnik, M and {\v{Z}}umer, S},
  Journal                  = {Proceedings of the National Academy of Sciences},
  Year                     = {2014},
  Number                   = {7},
  Pages                    = {2464--2469},
  Volume                   = {111},

  Publisher                = {National Acad Sciences}
}

@Article{duparcmeur1995crystallization,
  Title                    = {Crystallization of pentagon packings},
  Author                   = {Duparcmeur, Y and Gervois, A and Troadec, J P},
  Journal                  = {Journal of Physics: Condensed Matter},
  Year                     = {1995},
  Number                   = {18},
  Pages                    = {3421},
  Volume                   = {7},

  Publisher                = {IOP Publishing}
}

@Book{federer1969geometric,
  Title                    = {Geometric Measure Theory},
  Author                   = {Federer, H},
  Publisher                = {Springer New York},
  Year                     = {1969},
  Volume                   = {1996}
}

@Article{toth1993blichfeldt,
  Title                    = {Blichfeldt's density bound revisited},
  Author                   = {Fejes {T\'oth}, G and Kuperberg, W},
  Journal                  = {Mathematische Annalen},
  Year                     = {1993},
  Number                   = {1},
  Pages                    = {721--727},
  Volume                   = {295},

  Publisher                = {Springer}
}

@Book{toth1953lagerungen,
  Title                    = {Lagerungen in der {Ebene} auf der {Kugel} und im {Raum}},
  Author                   = {Fejes {T\'oth}, L},
  Publisher                = {Springer},
  Year                     = {1953},

  Address                  = {Berlin},
  Series                   = {Die Grundlehren der Math. Wiss},
  Volume                   = {65},

  Journal                  = {Die Grundlehren der Mathematischen Wissenschaften}
}

@Article{fejes1950some,
  Title                    = {Some packing and covering theorems},
  Author                   = {Fejes {T\'oth}, L},
  Journal                  = {Acta Sci. Math. Szeged},
  Year                     = {1950},
  Number                   = {Leopoldo Fejer et Frederico Riesz LXX annos natis dedicatus, Pars A},
  Pages                    = {62--67},
  Volume                   = {12}
}

@Article{gnewuch2009finding,
  Title                    = {Finding optimal volume subintervals with< i> k</i> points and calculating the star discrepancy are NP-hard problems},
  Author                   = {Gnewuch, Michael and Srivastav, Anand and Winzen, Carola},
  Journal                  = {Journal of Complexity},
  Year                     = {2009},
  Number                   = {2},
  Pages                    = {115--127},
  Volume                   = {25},

  Publisher                = {Elsevier}
}

@Article{Graaf2011,
  Title                    = {Dense Regular Packings of Irregular Nonconvex Particles},
  Author                   = {de Graaf, Joost and van Roij, René and Dijkstra, Marjolein},
  Journal                  = {Physical Review Letters},
  Year                     = {2011},

  Month                    = {Oct},
  Number                   = {15},
  Pages                    = {155501},
  Volume                   = {107},

  __markedentry            = {[yoav:6]},
  Doi                      = {10.1103/physrevlett.107.155501},
  ISSN                     = {1079-7114},
  Owner                    = {yoav},
  Publisher                = {American Physical Society (APS)},
  Timestamp                = {2015.04.26},
  Url                      = {http://dx.doi.org/10.1103/PhysRevLett.107.155501}
}

@Article{gravel2011upper,
  Title                    = {Upper bound on the packing density of regular tetrahedra and octahedra},
  Author                   = {Gravel, S and Elser, V and Kallus, Y},
  Journal                  = {Discrete \& Computational Geometry},
  Year                     = {2011},
  Number                   = {4},
  Pages                    = {799--818},
  Volume                   = {46},

  Publisher                = {Springer}
}

@Article{groemer1963existenzsatze,
  Title                    = {{Existenzs\"atze} {f\"ur} {Lagerungen} im {Euklidischen} {Raum}},
  Author                   = {Groemer, Helmut},
  Journal                  = {Mathematische Zeitschrift},
  Year                     = {1963},
  Number                   = {3},
  Pages                    = {260--278},
  Volume                   = {81},

  Publisher                = {Springer}
}

@Book{gruber2007convex,
  Title                    = {Convex and Discrete Geometry},
  Author                   = {Gruber, P},
  Publisher                = {Springer},
  Year                     = {2007},
  Volume                   = {336}
}

@Article{hales2015formal,
  Title                    = {A formal proof of the Kepler conjecture},
  Author                   = {Thomas Hales and Mark Adams and Gertrud Bauer and Dat Tat Dang and John Harrison and Truong Le Hoang and Cezary Kaliszyk and Victor Magron and Sean McLaughlin and Thang Tat Nguyen and Truong Quang Nguyen and Tobias Nipkow and Steven Obua and Joseph Pleso and Jason Rute and Alexey Solovyev and An Hoai Thi Ta and Trung Nam Tran and Diep Thi Trieu and Josef Urban and Ky Khac Vu and Roland Zumkeller},
  Year                     = {2015},

  Month                    = jan,

  Abstract                 = {This article describes a formal proof of the Kepler conjecture on dense sphere packings in a combination of the HOL Light and Isabelle proof assistants. This paper constitutes the official published account of the now completed Flyspeck project.},
  Comments                 = {21 pages},
  Eprint                   = {1501.02155},
  Oai2identifier           = {1501.02155},
  Owner                    = {yoav},
  Timestamp                = {2015.04.10},
  Url                      = {http://arxiv.org/abs/1501.02155}
}

@Article{hales2005proof,
  Title                    = {A proof of the {K}epler conjecture},
  Author                   = {Hales, T C},
  Journal                  = {Annals of Mathematics},
  Year                     = {2005},
  Number                   = {3},
  Pages                    = {1065--1185},
  Volume                   = {162},

  Publisher                = {JSTOR}
}

@Book{jeter1986mathematical,
  Title                    = {Mathematical Programming: an Introduction to Optimization},
  Author                   = {Jeter, M},
  Publisher                = {CRC press},
  Year                     = {1986},
  Volume                   = {102}
}

@Article{kallus2015pessimal,
  Title                    = {Pessimal Packing Shapes},
  Author                   = {Kallus, Yoav},
  Journal                  = {Geometry \& Topology},
  Year                     = {2015},
  Number                   = {1},
  Pages                    = {343--363},
  Volume                   = {19},

  __markedentry            = {[yoav:]},
  Owner                    = {yoav},
  Timestamp                = {2015.04.10}
}

@Article{keiper1995interval,
  Title                    = {Interval arithmetic in Mathematica},
  Author                   = {Keiper, J B},
  Journal                  = {Mathematica Journal},
  Year                     = {1995},
  Number                   = {2},
  Pages                    = {66--71},
  Volume                   = {5},

  Publisher                = {Redwood City, Ca.: Advanced Book Program, Addison-Wesley Pub. Co., c1990-}
}

@Book{kepler1611denive,
  Title                    = {{Strena}, {Seu} de {Nive} {Sexangula}},
  Author                   = {Kepler, J},
  Publisher                = {Godfrey Tempach},
  Year                     = {1611},

  Address                  = {Frankfurt}
}

@Article{kuperberg1990double,
  Title                    = {Double-lattice packings of convex bodies in the plane},
  Author                   = {Kuperberg, G and Kuperberg, W},
  Journal                  = {Discrete \& Computational Geometry},
  Year                     = {1990},
  Number                   = {1},
  Pages                    = {389--397},
  Volume                   = {5},

  Publisher                = {Springer}
}

@Article{kuperberg1990nonparallel,
  Title                    = {A nonparallel cylinder packing with positive density},
  Author                   = {Kuperberg, K},
  Journal                  = {Mathematika},
  Year                     = {1990},
  Number                   = {02},
  Pages                    = {324--331},
  Volume                   = {37},

  Publisher                = {Cambridge Univ Press}
}

@Article{kuperberg1991placing,
  Title                    = {Placing and moving spheres in the gaps of a cylinder packing.},
  Author                   = {Kuperberg, W},
  Journal                  = {Elemente der Mathematik},
  Year                     = {1991},
  Number                   = {2},
  Pages                    = {47--51},
  Volume                   = {46}
}

@Article{kusner2014onthe,
  Title                    = {On the densest packing of polycylinders in any dimension},
  Author                   = {Wöden Kusner},
  Journal                  = {arXiv preprint: submitted Fri. May 2},
  Year                     = {2014},

  Month                    = may,

  Abstract                 = {Using transversality and a dimension reduction argument, a result of A. Bezdek and W. Kuperberg is applied to polycylinders $\mathbb{D}^2\times \mathbb{R}^n$, showing that the optimal packing density is $\pi/\sqrt{12}$ in any dimension.},
  Comments                 = {8 pages, 2 figures},
  Eprint                   = {1405.0497},
  Oai2identifier           = {1405.0497},
  Owner                    = {yoav},
  Timestamp                = {2015.04.10}
}

@Article{kusner2014upper,
  Title                    = {Upper Bounds on Packing Density for Circular Cylinders with High Aspect Ratio},
  Author                   = {Kusner, W},
  Journal                  = {Discrete \& Computational Geometry},
  Year                     = {2014},
  Pages                    = {964--978},
  Volume                   = {51},

  Doi                      = {10.1007/s00454-014-9593-6},
  ISSN                     = {0179-5376},
  Publisher                = {Springer US},
  Url                      = {http://dx.doi.org/10.1007/s00454-014-9593-6}
}

@Article{lagarias1992keller,
  Title                    = {Keller{'}s cube{\--}tiling conjecture is false in high dimensions},
  Author                   = {Lagarias, J C and Shor, P W},
  Journal                  = {Bulletin of the American Mathematical Society},
  Year                     = {1992},
  Number                   = {2},
  Pages                    = {279--283},
  Volume                   = {27}
}

@Article{lagarias2012mysteries,
  Title                    = {Mysteries in packing regular tetrahedra},
  Author                   = {Lagarias, J C and Zong, C},
  Journal                  = {Notices of the American Mathematical Society},
  Year                     = {2012},
  Number                   = {11},
  Pages                    = {1540--1549},
  Volume                   = {59}
}

@Manual{lawrence1994user,
  Title                    = {User's Guide for CFSQP Version 2.0: AC Code for Solving (Large Scale) Constrained Nonlinear (Minimax) Optimization Problems, Generating Iterates Satisfying all Inequality Constraints},
  Author                   = {Lawrence, C T and Zhou, Ji L and Tits, A L},
  Year                     = {1994}
}

@Book{levy1995brief,
  Title                    = {{M}aking {W}aves: {A} {G}uide to the {I}deas {B}ehind {O}utside {I}n },
  Author                   = {Levy, S},
  Publisher                = {AK Peters Ltd, Wellesley MA},
  Year                     = {1995},

  Chapter                  = {A brief history of sphere eversions}
}

@Book{martinet2003perfect,
  Title                    = {Perfect lattices in Euclidean spaces},
  Author                   = {Martinet, Jacques},
  Publisher                = {Springer Science \& Business Media},
  Year                     = {2003},
  Volume                   = {327}
}

@Article{mount1991densest,
  Title                    = {The densest double-lattice packing of a convex polygon},
  Author                   = {Mount, David M},
  Journal                  = {Discrete and Computational Geometry: Papers from the DIMACS Special Year},
  Year                     = {1991},
  Pages                    = {245--262},
  Volume                   = {6},

  Owner                    = {yoav},
  Timestamp                = {2015.03.18}
}

@Article{newson1902mathematical,
  Title                    = {{M}athematical {P}roblems: {L}ecture delivered before the {I}nternational {C}ongress of {M}athematicians at {P}aris in 1900 by {P}rofessor {D}avid {H}ilbert},
  Author                   = {Newson, M W},
  Journal                  = {Bulletin of the American Mathematical Society},
  Year                     = {1902},
  Pages                    = {437--479},
  Volume                   = {8}
}

@Article{niederreiter1972discrepancy,
  Title                    = {Discrepancy and convex programming},
  Author                   = {Niederreiter, H},
  Journal                  = {Annali di matematica pura ed applicata},
  Year                     = {1972},
  Number                   = {1},
  Pages                    = {89--97},
  Volume                   = {93},

  Publisher                = {Springer}
}

@Article{mario2013computing,
  Title                    = {Computing upper bounds for the packing density of congruent copies of a convex body {I}},
  Author                   = {de Oliveira Filho, Fernando {M\'ario} and Vallentin, Frank},
  Journal                  = {arXiv preprint arXiv:1308.4893},
  Year                     = {2013},

  Month                    = aug,

  Abstract                 = {In this paper we prove a theorem that provides an upper bound for the density of packings of congruent copies of a given convex body in $\R^n$; this theorem is a generalization of the linear programming bound for sphere packings. We illustrate its use by computing an upper bound for the maximum density of packings of regular pentagons in the plane. Our computational approach is numerical and uses a combination of semidefinite programming, sums of squares, and the harmonic analysis of the Euclidean motion group. We show how, with some extra work, the bounds so obtained can be made rigorous.},
  Comments                 = {28 pages},
  Eprint                   = {1308.4893},
  Oai2identifier           = {1308.4893},
  Owner                    = {yoav},
  Timestamp                = {2015.04.10}
}

@Book{pach2011combinatorial,
  Title                    = {Combinatorial Geometry},
  Author                   = {Pach, J and Agarwal, P},
  Publisher                = {John Wiley \& Sons},
  Year                     = {2011},
  Volume                   = {37}
}

@Article{radin2004orbits,
  Title                    = {Orbits of orbs: sphere packing meets {P}enrose tilings},
  Author                   = {Radin, C},
  Journal                  = {The American Mathematical Monthly},
  Year                     = {2004},
  Number                   = {2},
  Pages                    = {137--149},
  Volume                   = {111}
}

@InProceedings{rankin1955closest,
  Title                    = {The closest packing of spherical caps in n dimensions},
  Author                   = {Rankin, R A},
  Booktitle                = {Proceedings of the glasgow mathematical association},
  Year                     = {1955},
  Number                   = {03},
  Organization             = {Cambridge Univ Press},
  Pages                    = {139--144},
  Volume                   = {2}
}

@Article{rankin1947closest,
  Title                    = {On the closest packing of spheres in n dimensions},
  Author                   = {Rankin, R A},
  Journal                  = {Annals of Mathematics},
  Year                     = {1947},
  Pages                    = {228--229},
  Volume                   = {48},

  Publisher                = {JSTOR}
}

@InProceedings{reinhardt1933dichteste,
  Title                    = {{\"Uber} die dichteste {gitterf\"ormige} {Lagerung} kongruenter {Bereiche} in der {Ebene} und eine besondere {Art} konvexer {Kurven}},
  Author                   = {Reinhardt, K},
  Booktitle                = {Abh. aus dem Math. Seminar der Hamburgische Univ},
  Year                     = {1933},
  Pages                    = {216--230},
  Volume                   = {9}
}

@Article{rogers1958packing,
  Title                    = {The packing of equal spheres},
  Author                   = {Rogers, C A},
  Journal                  = {Proceedings of the London Mathematical Society},
  Year                     = {1958},
  Number                   = {4},
  Pages                    = {609--620},
  Volume                   = {3},

  Publisher                = {Oxford University Press}
}

@Article{scardicchio2008estimates,
  Title                    = {Estimates of the optimal density of sphere packings in high dimensions},
  Author                   = {Scardicchio, A and Stillinger, F H and Torquato, S},
  Journal                  = {Journal of Mathematical Physics},
  Year                     = {2008},
  Number                   = {4},
  Pages                    = {043301},
  Volume                   = {49},

  Publisher                = {AIP Publishing}
}

@Article{schurmann2013strict,
  Title                    = {Strict Periodic Extreme Lattices},
  Author                   = {Sch{\"u}rmann, Achill},
  Journal                  = {Diophantine Methods, Lattices, and Arithmetic Theory of Quadratic Forms},
  Year                     = {2013},
  Pages                    = {185},
  Volume                   = {587},

  Publisher                = {American Mathematical Soc.}
}

@Article{schilling2005monte,
  Title                    = {Monte Carlo study of hard pentagons},
  Author                   = {Schilling, T and Pronk, S and Mulder, B and Frenkel, D},
  Journal                  = {Physical Review E},
  Year                     = {2005},
  Number                   = {3},
  Pages                    = {036138},
  Volume                   = {71},

  Publisher                = {APS}
}

@PhdThesis{solovyev2012formal,
  Title                    = {Formal computations and methods},
  Author                   = {Solovyev, A},
  School                   = {University of Pittsburgh},
  Year                     = {2012}
}

@Article{stolarsky1973sums,
  Title                    = {Sums of distances between points on a sphere. II},
  Author                   = {Stolarsky, Kenneth B},
  Journal                  = {Proceedings of the American Mathematical Society},
  Year                     = {1973},
  Number                   = {2},
  Pages                    = {575--582},
  Volume                   = {41}
}

@Article{thue1910densest,
  Title                    = {On the densest packing of congruent circles in the plane},
  Author                   = {Thue, A},
  Journal                  = {Skr. Vidensk-Selsk, Christiania},
  Year                     = {1910},
  Pages                    = {3--9},
  Volume                   = {1}
}

@Article{torquato2012organizing,
  Title                    = {Organizing principles for dense packings of nonspherical hard particles: {N}ot all shapes are created equal},
  Author                   = {Torquato, S and Jiao, Y},
  Journal                  = {Physical Review E},
  Year                     = {2012},
  Number                   = {1},
  Pages                    = {011102},
  Volume                   = {86},

  Publisher                = {APS}
}

@Article{torquato2006new,
  Title                    = {New conjectural lower bounds on the optimal density of sphere packings},
  Author                   = {Torquato, S and Stillinger, F H},
  Journal                  = {Experimental Mathematics},
  Year                     = {2006},
  Number                   = {3},
  Pages                    = {307--331},
  Volume                   = {15},

  Publisher                = {Taylor \& Francis}
}

@Book{tsfasman1991algebraic,
  Title                    = {Algebraic-geometric codes},
  Author                   = {Tsfasman, M A A and Vladut, Serge G},
  Publisher                = {Kluwer Academic Publishers},
  Year                     = {1991}
}

@Article{vance2011improved,
  Title                    = {Improved sphere packing lower bounds from Hurwitz lattices},
  Author                   = {Vance, Stephanie},
  Journal                  = {Advances in Mathematics},
  Year                     = {2011},
  Number                   = {5},
  Pages                    = {2144--2156},
  Volume                   = {227},

  Publisher                = {Elsevier}
}

@Article{wang2009fabrication,
  Title                    = {Fabrication of ultralong and electrically uniform single-walled carbon nanotubes on clean substrates},
  Author                   = {Wang, X and Li, Q and Xie, J and Jin, Z and Wang, J and Li, Y and Jiang, K and Fan, S},
  Journal                  = {Nano Letters},
  Year                     = {2009},
  Number                   = {9},
  Pages                    = {3137--3141},
  Volume                   = {9},

  Publisher                = {ACS Publications}
}

@Article{weaire1999short,
  Title                    = {A short history of packing problems},
  Author                   = {Weaire, D},
  Journal                  = {FORMA-TOKYO-},
  Year                     = {1999},
  Number                   = {4},
  Pages                    = {279--285},
  Volume                   = {14}
}

@Article{wilker1985problem2,
  Title                    = {Problem 2},
  Author                   = {Wilker, J B},
  Journal                  = {Intuitive Geometry},
  Year                     = {1985},
  Pages                    = {700},
  Volume                   = {48},

  Publisher                = {Colloq. Math. Soc. Janos Bolyai}
}

@Article{wills1991ellipsoid,
  Title                    = {An ellipsoid packing in {$E^3$} of unexpected high density},
  Author                   = {Wills, J M},
  Journal                  = {Mathematika},
  Year                     = {1991},
  Number                   = {02},
  Pages                    = {318--320},
  Volume                   = {38},

  Publisher                = {Cambridge Univ Press}
}

@Manual{mathematica10,
  Title                    = {Mathematica 10.0},

  Address                  = {Champaign, Illinois},
  Author                   = {{Wolfram Research}},
  Organization             = {Wolfram Research, Inc. },
  Year                     = {2014}
}

@Manual{mathematica9,
  Title                    = {Mathematica 9.0},

  Address                  = {Champaign, Illinois},
  Author                   = {{Wolfram Research}},
  Organization             = {Wolfram Research, Inc. },
  Year                     = {2012}
}

@Manual{mathematica7,
  Title                    = {Mathematica 7.0},

  Address                  = {Champaign, Illinois},
  Author                   = {{Wolfram Research}},
  Organization             = {Wolfram Research, Inc. },
  Year                     = {2008}
}

@Book{gritzmann1991applied,
  Title                    = {Applied geometry and discrete mathematics: the {Victor} {Klee} festschrift},
  Editor                   = {Gritzmann, Peter and Sturmfels, Bernd},
  Publisher                = {American Mathematical Society},
  Year                     = {1991},
  Volume                   = {4}
}

